<record><leader>00000cas a22000007a 4500</leader><controlfield tag="001">17741342</controlfield><controlfield tag="008">880406d18801896iaucr ne      0    0eng d</controlfield><datafield ind1=" " ind2=" " tag="010"><subfield code="a">sn 88059546 </subfield></datafield><datafield ind1=" " ind2=" " tag="040"><subfield code="a">INP</subfield><subfield code="b">eng</subfield><subfield code="c">INP</subfield><subfield code="d">OCLCQ</subfield></datafield><datafield ind1=" " ind2=" " tag="042"><subfield code="a">msc</subfield></datafield><datafield ind1="0" ind2=" " tag="130"><subfield code="a">What Cheer patriot (What Cheer, Iowa : 1880)</subfield></datafield><datafield ind1="1" ind2="4" tag="245"><subfield code="a">The What Cheer patriot.</subfield></datafield><datafield ind1=" " ind2=" " tag="260"><subfield code="a">What Cheer, Keokuk Co., Iowa :</subfield><subfield code="b">s.n. Palmer,</subfield><subfield code="c">-1896.</subfield></datafield><datafield ind1=" " ind2=" " tag="300"><subfield code="a">v.</subfield></datafield><datafield ind1=" " ind2=" " tag="310"><subfield code="a">Semiweekly,</subfield><subfield code="b">&lt;Apr. 7&gt;-Aug. 25, 1896</subfield></datafield><datafield ind1=" " ind2=" " tag="321"><subfield code="a">Weekly,</subfield><subfield code="b">&lt;May 9, 1883-Feb. 20, 1895&gt;</subfield></datafield><datafield ind1="1" ind2=" " tag="362"><subfield code="a">Began in Apr. 1880.</subfield></datafield><datafield ind1="0" ind2=" " tag="362"><subfield code="a">-v. 17, no. 41 (Aug. 25, 1896).</subfield></datafield><datafield ind1=" " ind2=" " tag="500"><subfield code="a">Publisher varies.</subfield></datafield><datafield ind1=" " ind2=" " tag="588"><subfield code="a">Description based on: Vol. 3, no. 13 (July 19, 1882).</subfield></datafield><datafield ind1=" " ind2=" " tag="752"><subfield code="a">United States</subfield><subfield code="b">Iowa</subfield><subfield code="c">Keokuk</subfield><subfield code="d">What Cheer.</subfield></datafield><datafield ind1="0" ind2="0" tag="785"><subfield code="t">What Cheer twice-a-week patriot</subfield><subfield code="w">(DLC)sn 88059547</subfield></datafield></record>